@misc{cs6820matchingnotes,
  title = {Lecture notes: Matchings},
  year = {2023},
  url = {https://www.cs.cornell.edu/courses/cs6820/2023fa/handouts/matchings.pdf},
  publisher = {Cornell University},
}